@STRING{OMG = {{Object Management Group}}}
@STRING{SOSYM = {Software and Systems Modeling}}
@STRING{SPR = {Springer-Verlag}}
@STRING{SPRADDR = {Berlin, Heidelberg, New York}}
@STRING{LNCS = {Lecture Notes of Computer Science}}

@article{Bak16,
  author    = {Kacper Bak and
               Zinovy Diskin and
               Michal Antkiewicz and
               Krzysztof Czarnecki and
               Andrzej Wasowski},
  title     = {Clafer: unifying class and feature modeling},
  journal   = {SoSyM},
  volume    = {15},
  number    = {3},
  pages     = {811--845},
  year      = {2016},
  url       = {http://dx.doi.org/10.1007/s10270-014-0441-1},
  doi       = {10.1007/s10270-014-0441-1},
  timestamp = {Wed, 13 Jul 2016 10:05:55 +0200},
  biburl    = {http://dblp.uni-trier.de/rec/bib/journals/sosym/BakDACW16},
  bibsource = {dblp computer science bibliography, http://dblp.org}
}


@Misc{familyToPersons,
author = {Anthony Anjorin},
title = { {\sc FamilyToPersons} v0.1 in {Bx} {Examples} {Repository} },
howpublished = {\url{http://bx-community.wikidot.com/examples:home}},
note = {Date retrieved: \today}
}

@inproceedings{Cheney2014,
author = {Cheney, James and McKinna, James and Stevens, Perdita and Gibbons, Jeremy},
booktitle = {Proceedings of the Workshops of the EDBT/ICDT 2014 Joint Conference (EDBT/ICDT 2014)},
editor = {Candan, K. Selccuk and Amer-Yahia, Sihem and Schweikardt, Nicole and Christophides, Vassilis and Leroy, Vincent},
mendeley-groups = {Papers/Leveraging Incremental Pattern Matching Techniques for Model Synchronisation,Papers/20 years of TGGs,Papers/ICGT Tool Paper 2016},
pages = {87--91},
publisher = {CEUR-WS.org},
series = {CEUR Workshop Proceedings},
title = {{Towards a Repository of Bx Examples}},
volume = {1133},
year = {2014}
}

@inproceedings{Diskin2014,
author = {Diskin, Zinovy and Wider, Arif and Gholizadeh, Hamid and Czarnecki, Krzysztof},
booktitle = {ICMT 2014},
editor = {Ruscio, Davide Di and Varr{\'{o}}, D{\'{a}}niel},
mendeley-groups = {Papers/20 years of TGGs,Papers/Leveraging Incremental Pattern Matching Techniques for Model Synchronisation,Papers/ICGT Tool Paper 2016},
pages = {57--73},
publisher = {Springer},
series = {LNCS},
title = {{Towards a Rational Taxonomy for Increasingly Symmetric Model Synchronization}},
volume = {8568},
year = {2014}
}

@inproceedings{AnjorinCG0RS14,
  author    = {Anthony Anjorin and
               Alcino Cunha and
               Holger Giese and
               Frank Hermann and
               Arend Rensink and
               Andy Sch{\"{u}}rr},
  title     = {BenchmarX},
  booktitle = {Proceedings of the Workshops of the EDBT/ICDT 2014 Joint Conference (EDBT/ICDT 2014)},
  pages     = {82--86},
  year      = {2014},
  editor = {Candan, K. Selccuk and Amer-Yahia, Sihem and Schweikardt, Nicole and Christophides, Vassilis and Leroy, Vincent},
publisher = {CEUR-WS.org},
series = {CEUR Workshop Proceedings}
}

@proceedings{2015bx,
  editor    = {Alcino Cunha and
               Ekkart Kindler},
  title     = {Proceedings of the 4th International Workshop on Bidirectional Transformations (BX 2015)},
  series    = {{CEUR} Workshop Proceedings},
  volume    = {1396},
  publisher = {CEUR-WS.org},
  year      = {2015},
  url       = {http://ceur-ws.org/Vol-1396},
  urn       = {urn:nbn:de:0074-1396-7},
  timestamp = {Mon, 30 May 2016 16:28:37 +0200},
  biburl    = {http://dblp.uni-trier.de/rec/bib/conf/staf/2015bx},
  bibsource = {dblp computer science bibliography, http://dblp.org}
}

@Misc{Shonan16,
title = {{Bidirectional Transformations - NII Shonan Meeting Seminar 091}},
howpublished = {\url{http://shonan.nii.ac.jp/seminar/091/}},
note = {Date retrieved: \today}
}

@techreport{kang1990feature,
  title={{Feature-Oriented Domain analysis (FODA) Feasibility Study}},
  author={Kang, Kyo C and Cohen, Sholom G and Hess, James A and Novak, William E and Peterson, A Spencer},
  year={1990},
  institution={DTIC Document}
}

@inproceedings{Schurr1994,
author = {Sch{\"{u}}rr, Andy},
booktitle = {WG 1994},
editor = {Mayr, Ernst W. and Schmidt, Gunther and Tinhofer, Gottfried},
mendeley-groups = {Papers/Leveraging Incremental Pattern Matching Techniques for Model Synchronisation,Papers/Muilti-amalgamated TGGs (JVLC),Papers/20 years of TGGs,Papers/SDM formalisation,Papers/Consistency Check with TGGs,Papers/ICGT Tool Paper 2016,Papers/Bidirectional Method Patterns for Frontend Modernisation,Papers/SSBX-Tutorial},
pages = {151--163},
publisher = {Springer},
series = {LNCS},
title = {{Specification of Graph Translators with Triple Graph Grammars}},
volume = {903},
year = {1994}
}

@article{JOT:issue_2011_01/article6,
  author = {Zinovy Diskin and Yingfei Xiong and Krzysztof Czarnecki},
  title = {{From State- to Delta-Based Bidirectional Model Transformations: the Asymmetric Case}},
  journal = {JOT},
  volume = {10},
  issn = {1660-1769},
  year = {2011},
  pages = {6:1-25},
  doi = {10.5381/jot.2011.10.1.a6},
  url = {http://www.jot.fm/contents/issue_2011_01/article6.html}
}

@InProceedings{ICMT2009-Czarnecki,
	author =	{Krzysztof Czarnecki and J. Nathan Foster and Zhenjiang
	Hu and Ralf L{\"a}mmel and Andy Sch{\"u}rr and James F.
	Terwilliger},
	title =	{Bidirectional Transformations: {A} Cross-Discipline
	Perspective},
	crossref =	{ICMT2009},
	pages =	{260--283}
}

@PROCEEDINGS{ICMT2009,
	booktitle = {Proceedings of the Second International
	Conference on Theory and Practice of Model Transformations (ICMT 2009)},
	year = {2009},
	editor = {Richard F. Paige},
	month = 	 jun,
	volume = {5563},
	series = LNCS,
	publisher = SPR,
	address = {Zurich, Switzerland}
}

@Article{SOSYM-Hidaka2016,
	author = 	 {Soichoro Hidaka and Massimo Tisi and Jordi Cabot and Zhenjiang Hu},
	title = 	 {Feature-Based Classification of Bidirectional Transformation Approaches},
	journal = 	 SOSYM,
	year = 	 {2016},
	volume =	 {15},
	number =	 {3},
	pages =	 {907--928},
	month =	 jul
}

@inproceedings{Anjorin2017,
	author = {Anthony Anjorin and Zinovy Diskin and Fr\'{e}d\'{e}ric Jouault and Hsiang-Shang Ko and Erhan Leblebici and Bernhard Westfechtel},
	editor = {Romina Eramo and Michael Johnson},
	title = {Benchmarx Reloaded: A Practical Framework for Bidirectional Transformations},
	booktitle = {Sixth International Workshop on Bidirectional Transformations (BX 2017)},
	date = {29.04.2017},
	series = {CEUR Workshop Proceedings},
	volume = {1827},
	pages = {15--30},
	year = {2017},
	address = {Uppsala, Sweden},	
	month = apr,
}

@inproceedings{Anjorin2017a,
	author = {Anthony Anjorin and Thomas Buchmann and Bernhard Westfechtel},
	title = {The {Families to Persons} Case},
	crossref = {TTC2017},
	pages     = {27--34},	
}

@proceedings{TTC2017,
	editor = {Antonio Garcia-Dominguez and Georg Hinkel and Filip Krikava},
	title = {Proceedings of the 10th Transformation Tool Contest (TTC 2017)},
	volume = {2026},
	series = {{CEUR} Workshop Proceedings},
	address = {Marburg, Germany},
	month = jul,
	year = {2017}
}

@Article{SCP-Jouault2008,
	title =	{{ATL}: {A} model transformation tool},
	author =	{Fr{\'e}d{\'e}ric Jouault and Freddy Allilaire and Jean
	B{\'e}zivin and Ivan Kurtev},
	journal =	SCP,
	year = 	{2008},
	number =	{1--2},
	volume =	{72},
	pages =	{31--39}
}

@inproceedings{Leblebici2014a,
	author    = {Erhan Leblebici and
	Anthony Anjorin and
	Andy Sch{\"{u}}rr},
	editor    = {Davide Di Ruscio and Daniel Varr{\'o}},
	title     = {Developing eMoflon with eMoflon},
	booktitle = {Proceedings of the 7th International Conference on Theory and Practice of Model Transformations	({ICMT} 2014)},
	pages     = {138--145},
	year      = {2014},
	series    = LNCS,
	volume    = {8568},
	address   = {York, UK},
	month     = jul,
}



@article{IST2018-Samimi,
	author = {Leila Samimi-Dehkordi and Bahman Zamani and Shekoufeh Kolahdouz-Rahimi},
	title = {{EVL+STrace}: A Novel Bidirectional Transformation Approach},
	journal = {Information and Software Technology},
	volume = {100},
	month = aug,
	pages = {47--72},
	year = {2018},
}

@InProceedings{SLE2010-Cicchetti,
	author="Cicchetti, Antonio
	and Di Ruscio, Davide
	and Eramo, Romina
	and Pierantonio, Alfonso",
	editor="Malloy, Brian
	and Staab, Steffen
	and van den Brand, Mark",
	title="{JTL}: A Bidirectional and Change Propagating Transformation Language",
	booktitle="Proceedings of the Third International Conference on Software Language Engineering (SLE 2010)",
	year="2010",
	month=oct,
	publisher=SPR,
	volume={6563},
	series=LNCS,
	address="Eindhoven, The Netherlands",
	pages="183--202",
}

@inproceedings{PEPM2016-Ko,
	author = {Ko, Hsiang-Shang and Zan, Tao and Hu, Zhenjiang},
	title = {{BiGUL}: A Formally Verified Core Language for Putback-based Bidirectional Programming},
	booktitle = {Proceedings of the 2016 ACM SIGPLAN Workshop on Partial Evaluation and Program Manipulation (PEPM 2016)},
	year = {2016},
	address = {St. Petersburg, Florida, USA},
	publisher = {ACM},
} 

@InProceedings{MODELSWARD2018-Buchmann,
	author = 	 {Thomas Buchmann},
	title = 	 {{BXtend} --- A Framework for (Bidirectional) Model Transformations},
	booktitle =	 { Proceedings of the 6th International Conference on Model-Driven Engineering and Software Development - Volume 1: MODELSWARD (MODELSWARD 2018)},
	pages =	 {336--345},
	year =	 {2018},
	editor =	 {Slimane Hamoudi and Luis Ferreira Pires and Bran Selic},
	address =	 {Funchal, Madeira},
	month =	 jan,
	optorganization = {{INSTICC}},
	publisher =	 {{SciTePress}},
	optdoi       = {10.5220/0006563503360345}
}

@ARTICLE{SoSym2018-Westfechtel,
	author = {Bernhard Westfechtel},
	title = {Case-Based Exploration of Bidirectional Transformations in {QVT Relations}},
	journal = SOSYM,
	month = jul,
	year = {2018},
	volume = {17},
	number = {3},
	pages = {989--1029},
	OPTDOI = {10.1007/s10270-016-0527-z},
} 

@ARTICLE{SoSym2017-Hinkel,
	author = {Georg Hinkel and Erik Burger},
	title = {Change Propagation and Bidirectionality in Internal Transformation {DSLs}},
	journal = SOSYM,
	month = aug,
	year = {2017},
	OPTvolume = {17},
	OPTnumber = {3},
	OPTpages = {989--1029},
	note = {Online first},
} 

@InProceedings{ENASE2018-Westfechtel,
	author = 	 {Bernhard Westfechtel},
	title = 	 {Incremental Bidirectional Transformations: Applying {QVT Relations} to the {Families to Persons} Benchmark},
	booktitle =	 {Proceedings of the 13th International Conference on the Evaluation of Novel Approaches to Software Engineering (ENASE 2018)},
	pages =	 {39--53},
	year =	 {2018},
	editor =	 {Ernesto Damiani and George Spanoudakis and Leszek Maciaszek},
	address =	 {Funchal, Madeira},
	month =	 mar,
	optorganization = {{INSTICC}},
	publisher =	 {{SciTePress}},
	optnote = {Best paper award}
}

@inproceedings{Hinkel2017,
	author    = {Georg Hinkel},
	title     = {An {NMF} Solution to the {Families to Persons} Case at the {TTC} 2017},
	pages     = {35--39},
	crossref  = {TTC2017},
}

@inproceedings{Zundorf2017,
	author    = {Albert Z{\"{u}}ndorf and
	Alexander Weidt},
	title     = {The {SDMLib} Solution to the {TTC} 2017 {Families 2 Persons} Case},
	pages     = {41--45},
	crossref  = {TTC2017},
}

@inproceedings{Horn2017,
	author    = {Tassilo Horn},
	title     = {Solving the {TTC} {Families to Persons} Case with {FunnyQT}},
	pages     = {47--51},
	crossref  = {TTC2017},
}

@inproceedings{Samimi-Dehkordi2017,
	author    = {Leila Samimi{-}Dehkordi and
	Bahman Zamani and
	Shekoufeh Kolahdouz Rahimi},
	title     = {Solving the {Families to Persons} Case Using {EVL+Strace}},
	pages     = {54--62},
	crossref  = {TTC2017},
}

@BOOK{steinberg09,
	title = {{EMF} Eclipse Modeling Framework},
	publisher = {Addison-Wesley},
	year = {2009},
	author = {Dave Steinberg and Frank Budinsky and Marcelo Paternostro and Ed
	Merks},
	series = {The Eclipse Series},
	address = {Upper Saddle River, NJ},
	edition = {2nd},
	owner = {mglaser},
	timestamp = {2009.05.25}
}

@Manual{OCL-2.4,
	title = 	 {{Object Constraint Language Version 2.4}},
	author = OMG,
	address =	 {Needham, MA},
	edition =	 {formal/2014-02-03},
	month =	 feb,
	year =	 {2014}
}

@Manual{MOF-2.5.1,
	title = 	 {{OMG Meta Object Facility (MOF) Core Specification Version 2.5.1}},
	author = OMG,
	address =	 {Needham, MA},
	edition =	 {formal/2016-11-01},
	month =	 nov,
	year =	 {2016}
}

@Manual{QVT-1.3,
	title = 	 {{Meta Object Facility (MOF) 2.0 Query/View/Transformation Specification} Version 1.3},
	author = OMG,
	address =	 {Needham, MA},
	edition =	 {formal/2016-06-03},
	month =	 feb,
	year =	 {2016}
}

@Article{SOSYM-Macedo2016,
	author = 	 {Nuno Macedo and Alcino Cunha},
	title = 	 {Least-Change Bidirectional Model Transformation with {QVT-R} and {ATL}},
	journal = 	 SOSYM,
	year = 	 {2016},
	volume = 	 {15},
	number = 	 {3},
	pages =	 {783--810},
	month =	 jul
}

@Article{TOPLAS2007-Foster,
	author = 	 {J. Nathan Foster and Michael B. Greenwald and Jonathan T. Moore and Benjamin C. Pierce and Alan Schmitt},
	title = 	 {Combinators for Bidirectional Tree Transformations: A Linguistic Approach to the View-Update Problem},
	journal = 	 TOPLAS,
	year = 	 {2007},
	volume =	 {29},
	number =	 {3},
	pages = 	 {17:1--17:65},
	month =	 may
}

@Article{SOSYM-Stevens2010,
	author = 	 {Perdita Stevens},
	title = 	 {Bidirectional Model Transformations in {QVT}: Semantic Issues and Open Questions},
	journal = 	 SOSYM,
	year = 	 {2010},
	volume =	 {9},
	number =	 {1},
	pages =	 {7--20}
}



@TechReport{Hinkel2016,
  author = 	 {Georg Hinkel},
  title = 	 {{NMF}: A Modeling Framework for the {.NET} Platform},
  institution =  {Karlsruhe Reports in Informatics},
  year = 	 {2016},
  number =	 {9},
  address =	 {Karlsruhe, Germany},
  OPTmonth = 	 {},
  OPTnote = 	 {},
  OPTannote = 	 {}
}


@Manual{epsilon,
  title = 	 {The epsilon Book},
  author =	 {Dimitris Kolovos and Louis Rose and Richard Paige and Antonio Garcia-Dominguez},
  organization = {},
  OPTaddress = 	 {},
  OPTedition = 	 {},
  OPTmonth = 	 {},
  year =	 {2018},
  note = 	 {http://www.eclipse.org/epsilon},
  OPTannote = 	 {}
}

